@article{lee2021diffeomorphic,
  title={Diffeomorphic Particle Image Velocimetry},
  author={Lee, Yong and Mei, Shuang},  
  journal={IEEE Transactions on Instrumentation and Measurement},  
  doi={10.1109/tim.2021.3132999},
  url={https://doi.org/10.1109/TIM.2021.3132999},
  issn={0018-9456},
  year={2021}
}

@article{lee2021gcme,
  title = {Blind Inverse Gamma Correction with Maximized Differential Entropy},
  author = {Yong Lee and Shaohua Zhang and Miao Li and Xiaoyu He},
  journal = {Signal Processing},
  pages = {108427},
  year = {2021},
  issn = {0165-1684},
  doi = {https://doi.org/10.1016/j.sigpro.2021.108427},
  url = {https://www.sciencedirect.com/science/article/pii/S0165168421004643}
}


@inproceedings{Chen2021MuMMI,
  title={Multi-Modal Mutual Information (MuMMI) Training for Robust Self-Supervised Deep Reinforcement Learning},
  author={Kaiqi Chen and Yong Lee and Harold Soh},
  year={2021},
  booktitle={IEEE International Conference on Robotics and Automation (ICRA)},
  url={https://arxiv.org/abs/2107.02339}
}

@article{lee2017pivdcnn,  
  doi = {10.1007/s00348-017-2456-1},  
  url = {https://doi.org/10.1007%2Fs00348-017-2456-1},  
  year = 2017,  
  month = {nov},  
  publisher = {Springer Science and Business Media {LLC}},  
  volume = {58},  
  number = {12},  
  author = {Yong Lee and Hua Yang and Zhouping Yin},  
  title = {{PIV}-{DCNN}: cascaded deep convolutional neural networks for particle image velocimetry}, 
  journal = {Experiments in Fluids}
}

@article{lee2017outlier,  
  doi = {10.1088/1361-6501/aa5431}, 
  url = {https://doi.org/10.1088%2F1361-6501%2Faa5431},
  year = 2017,
  month = {jan}, 
  publisher = {{IOP} Publishing}, 
  volume = {28}, 
  number = {3},
  pages = {035301}, 
  author = {Yong Lee and Hua Yang and ZhouPing Yin},  
  title = {Outlier detection for particle image velocimetry data using a locally estimated noise variance}, 
  journal = {Measurement Science and Technology}
}

@article{yang2016automatic, 
  doi = {10.1117/1.jei.25.5.053019},  
  url = {https://doi.org/10.1117%2F1.jei.25.5.053019}, 
  year = 2016, 
  month = {sep}, 
  publisher = {{SPIE}-Intl Soc Optical Eng},  
  volume = {25}, 
  number = {5},
  pages = {053019}, 
  author = {Hua Yang and Lianzheng Chen and Yifan Chen and Yong Lee and Zhouping Yin},  
  title = {Automatic barcode recognition method based on adaptive edge detection and a mapping model},  
  journal = {Journal of Electronic Imaging}
}

@inproceedings{y2017convolutional,
  title={Convolutional neural networks to measure the velocity gradients of particle image pairs},
  author={Lee, Yong and Yang, Hua and Yin, ZhouPing},
  booktitle={The 12th International Symposium on Particle Image Velocimetry},
  number={ISPIV-128},
  year={2017}
}

@article{lee2021surro,
  title={Surrogate-based cross-correlation for particle image velocimetry},
  author={Lee, Yong and Fuqiang, Gu and Zeyu, Gong},
  journal={IEEE Transactions on Signal Processing},
  year={2021},
  volume={under review}
}

@patent{yang2013optical,
  title={An optical component for integrating multiple laser sources and the application to ultra-high frequency and ultra-high power laser.},
  author={Yang, Hua and Lee, Yong and Yin, ZhouPing and et al},
  url={https://patents.google.com/patent/CN103592766B},
  year={2013},
  month=Dec,
  publisher={Google Patents},
}

@patent{yang2014real,
  title={A real-time and accurate flow field measurement system},
  author={Yang, Hua and Yin, ZhouPing and Xiong, YouLun and Mei, Shuang and Zhong, QiangLong and Zhang, BuYang and Lee, Yong },
  url={https://patents.google.com/patent/CN203798822U},
  year={2014},
  month=Dec,
  publisher={Google Patents},
}

@patent{yang2017real,
  title={A real-time and accurate flow field measurement system and algorithm},
  author={Yang, Hua and Yin, ZhouPing and Xiong, YouLun and Mei, Shuang and Zhong, QiangLong and Zhang, BuYang and Lee, Yong },
  url={https://patents.google.com/patent/CN103698554B},
  year={2013},
  month=Nov,
  publisher={Google Patents},
}
