---
---

@article{Yong_Lee_99382184,
title={Diffeomorphic Particle Image Velocimetry},
author={Yong Lee},
doi={10.1109/tim.2021.3132999},
url={http://doi.org/10.1109/tim.2021.3132999},
issn={0018-9456},
year={2021}
}

@inproceedings{Chen2021MuMMI, title= {Multi-Modal Mutual Information (MuMMI) Training for Robust Self-Supervised Deep Reinforcement Learning}, author= {Kaiqi Chen and Yong Lee and Harold Soh}, year= {2021}, booktitle= {IEEE International Conference on Robotics and Automation (ICRA)}}


@article{Yong_Lee_95733591,
title={Blind Inverse Gamma Correction with Maximized Differential Entropy},
author={Yong Lee},
doi={10.1016/j.sigpro.2021.108427},
url={http://doi.org/10.1016/j.sigpro.2021.108427},
issn={0165-1684},
year={2020}
}

@article{Lee_2017,  doi = {10.1007/s00348-017-2456-1},  url = {https://doi.org/10.1007%2Fs00348-017-2456-1},  year = 2017,  month = {nov},  publisher = {Springer Science and Business Media {LLC}},  volume = {58},  number = {12},  author = {Yong Lee and Hua Yang and Zhouping Yin},  title = {{PIV}-{DCNN}: cascaded deep convolutional neural networks for particle image velocimetry}, journal = {Experiments in Fluids}}

@article{Lee_2017,  doi = {10.1088/1361-6501/aa5431}, url = {https://doi.org/10.1088%2F1361-6501%2Faa5431}, year = 2017,  month = {jan},  publisher = {{IOP} Publishing}, volume = {28},  number = {3}, pages = {035301}, author = {Yong Lee and Hua Yang and ZhouPing Yin},  title = {Outlier detection for particle image velocimetry data using a locally estimated noise variance}, journal = {Measurement Science and Technology}}

@article{Yang_2016, doi = {10.1117/1.jei.25.5.053019},  url = {https://doi.org/10.1117%2F1.jei.25.5.053019},  year = 2016,  month = {sep},  publisher = {{SPIE}-Intl Soc Optical Eng},  volume = {25},  number = {5}, pages = {053019}, author = {Hua Yang and Lianzheng Chen and Yifan Chen and Yong Lee and Zhouping Yin},  title = {Automatic barcode recognition method based on adaptive edge detection and a mapping model},  journal = {Journal of Electronic Imaging}}